@misc{radio,
	author = {GNURadio},
	title = {GNU Radio Wiki},
	url = {http://gnuradio.org/redmine/wiki/gnuradio},
	year = {2009}
}

@misc{grc,
	author = {Josh Blum},
	title = {GNURadio Companion},
	url = {http://gnuradio.org/redmine/wiki/gnuradio/GNURadioCompanion},
	year = {2009}
}

@misc{ettus,
	author = {Ettus Research LLC},
	title = {Ettus Research LLC},
	url = {http://www.ettus.com/},
	year = {2009}
}

@techreport{mitola,
	type = {Art\'iculo T\'ecnico},
	author = {Joseph Mitola},
	title = {The Software Radio},
	originalyear = {1992},
	year = {1992},
	institution = {IEEE National Telesystems Conference}
}

@lecture{abendroth,
	author = {S. Abendroth},
	year = {2003},
	symposium = {A Software Defined Radio Front-End Implementation},
	howpublished = {IEEE DSPEnabled Radio Conference}
}

@misc{pentek,
	year = {2009},
	title = {Pentek Inc - Software Defined Radio},
	author = {{\bibcorporate{Pentek Inc.}}},
	url = {http://www.pentek.com/sftradcentral/SFTRadCntrlPrd.cfm#Overview}
}

@book{sklar,
	author = {Bernard Sklar},
	title = {Digital Communications Fundamentals and Applications},
	year = {2001},
	publisher = {Prentice Hall}
}

@book{lee,
	author = {Edward A. Lee},
	title = {Digital Communication},
	year = {2003},
	publisher = {Kluwer Academic Publishers}
}

@book{behrouz,
	author = {Behrouz Farhang},
	title = {Signal Processing Techniques for Software Radios},
	edition = {2},
	year = {2010},
	publisher = {Lulu Publishing House}
}

@misc{ti,
	year = {2008},
	title = {Block Diagram (SBD) - Software Defined Radio - TI.com},
	author = {{\bibcorporate{Texas Instruments}}},
	url = {http://focus.ti.com/docs/solution/folders/print/357.html}
}

@misc{lyrtech,
	year = {2009},
	title = {Small form factor SDR development platforms},
	author = {Lyrtech},
	url = {http://www.lyrtech.com/Products/Families/sdr.php?m=2}
}

@misc{mchale,
	year = {2004},
	title = {Software-defined radio and JTRS},
	author = {John McHale},
	url = {http://www.militaryaerospace.com/index/display/article
	-display/217738/articles/military-aerospace-electronics/volume-
	15/issue-12/features/special-report/software-defined-radio-and-jtrs.html}
}

@misc{hydra,
	year = {2007},
	author = {\bibcorporate{Wireless Networking Communications Group}},
	title = {Hydra - A MIMO-OFDM Multihop Testbed},
	url = {http://hydra.ece.utexas.edu/}
}

@techreport{usb,
	type = {Especificaci\'on T\'ecnica},
	author = {{\bibcorporate{Universal Implementers Forum}}},
	institution = {{Universal Implementers Forum}},
	title = {Universal Serial Bus 2.0 Specificaction},
	year = {2000},
	month = {Abril},
	day = {27}
}

@techreport{cic,
	type = {Articulo T\'ecnico},
	author = {Matthew P. Donadio},
	institution = {IEEE},
	title = {CIC Filter Introduction},
	year = {2000},
	month = {Julio},
	day = {18}
}

@techreport{nguyen,
	type = {Articulo T\'ecnico},
	author = {Truong Q. Nguyen},
	institution = {IEEE},
	title = {A "Trick" for the design of FIR Half-Band Filters},
	year = {2000},
	month = {Julio},
	day = {18}
}

@misc{russo,
	year = {2007},
	author = {Agostino Russo},
	title = {Wubi - Ubuntu Installer for Windows},
	url = {http://wubi-installer.org/}
}

@misc{python,
	year = {2010},
	author = {{\bibcorporate{Python Software Foundation}}},
	title = {Python Programming Language - Official Website},
	url = {http://www.python.org}
}

@misc{scipy,
	year = {2010},
	author = {{\bibcorporate{SciPy}}},
	title = {SciPy},
	url = {http://www.scipy.org}
}

@techreport{foster,
	type = {Articulo T\'ecnico},
	author = {Guy Foster},
	institution = {SyntheSys Reseach Inc},
	title = {Anatomy of an Eye Diagram},
	year = {2004}
}

@techreport{breed,
	type = {Articulo T\'ecnico},
	author = {Gary Breed},
	institution = {Summit Technical Media},
	title = {Analysing Signals Using the Eye Diagram},
	year = {2005}
}

@techreport{xilinx,
	type = {Articulo T\'ecnico},
	author = {Peter Alfke},
	institution = {\bibcorporate{Xilinx}},
	title = {Efficient Shift Registers, LFSR Counters, and Long Pseudo-Random Sequence Generators},
	year = {1996},
	number = {XAPP 052}
}